@book{clrs,
  author = "T.~H. Cormen and C.~E. Leiserson and R.~L. Rivest and C.~Stein",
  edition = "3rd",
  publisher = "The MIT Press",
  title = "Introduction to Algorithms",
  year = "2009",
  isbn = "978-0-262-03384-8"
}

@Misc{Sedgewick/2011,
  OPTkey = 	 {},
  author =	 {Robert Sedgewick},
  title =	 {Algorithms for the Masses},
  howpublished = {ANALCO'11, San Francisco},
  month =	 jan,
  year =	 {2011},
  OPTnote =	 {Modi Memorial Lecture, Drexel University, April, 2012.},
  OPTannote = 	 {}
}

@InProceedings{Johnson/2002,
  author = 	 {David S. Johnson},
  title = 	 {A theoretician's guide to the experimental analysis of algorithms},
  OPTcrossref =  {},
  OPTkey = 	 {},
  booktitle =	 {Proceedings of the 5th and 6th DIMACS Implementation Challenges},
  OPTpages = 	 {},
  year =	 {2002},
  OPTeditor = 	 {},
  OPTvolume = 	 {},
  OPTnumber = 	 {},
  OPTseries = 	 {},
  OPTaddress = 	 {},
  OPTmonth = 	 {},
  OPTorganization = {},
  OPTpublisher = {},
  OPTnote = 	 {},
  OPTannote = 	 {}
}

